@INPROCEEDINGS{icst-adaptersynth,
author={V. Sharma and K. Hietala and S. McCamant},
booktitle={2018 IEEE 11th International Conference on Software Testing, Verification and Validation (ICST)},
title={Finding Substitutable Binary Code for Reverse Engineering by Synthesizing Adapters},
year={2018},
volume={},
number={},
pages={150-160},
keywords={binary codes;firmware;reverse engineering;search problems;telecommunication computing;tree searching;glue code;substitutable code segments;concrete adapter enumeration;binary symbolic execution;adapter search space;total search time;adapter synthesis implementation;adaptably substitutable binary functions;real-world code;substitutable binary code;independently developed codebases;reverse engineering applications;Clamps;Binary codes;Reverse engineering;Tools;Portable media players;Computer science;Task analysis;program synthesis;symbolic execution;binary analysis},
doi={10.1109/ICST.2018.00024},
ISSN={},
month={April},}

@inproceedings{eqminer,
  title={Automatic mining of functionally equivalent code fragments via
random testing},
  author={Jiang, Lingxiao and Su, Zhendong},
  booktitle={Proceedings of the 18th International Symposium on
Software Testing and Analysis},
  pages={81--92},
  year={2009},
  organization={ACM}
}

@inproceedings{Solar-LezamaTBSS2006,
  author    = {Armando Solar{-}Lezama and
               Liviu Tancau and
               Rastislav Bod{\'{\i}}k and
               Sanjit A. Seshia and
               Vijay A. Saraswat},
  title     = {Combinatorial sketching for finite programs},
  booktitle = {Proceedings of the 12th International Conference on Architectural
               Support for Programming Languages and Operating Systems (ASPLOS)},
  month     = oct,
  location  = {San Jose, CA, USA},
  pages     = {404--415},
  year      = {2006},
  url       = {http://doi.acm.org/10.1145/1168857.1168907},
}

@inproceedings{fuzzball,
 author = {Martignoni, Lorenzo and McCamant, Stephen and Poosankam, Pongsin and Song, Dawn and Maniatis, Petros},
 title = {Path-exploration Lifting: Hi-fi Tests for Lo-fi Emulators},
 booktitle = {Proceedings of the 17th International Conference on Architectural Support for Programming Languages and Operating Systems},
 series = {ASPLOS XVII},
 year = {2012},
 isbn = {978-1-4503-0759-8},
 location = {London, England, UK},
 pages = {337--348},
 numpages = {12},
 url = {http://doi.acm.org/10.1145/2150976.2151012},
 doi = {10.1145/2150976.2151012},
 acmid = {2151012},
 publisher = {ACM},
 address = {New York, NY, USA},
 keywords = {CPU emulators, cross validation, symbolic binary execution},
}

@Misc{fuzzball-github,
key =      {FuzzBALL},
title =    {{FuzzBALL: Vine-based Binary Symbolic Execution}},
howpublished = {\url{https://github.com/bitblaze-fuzzball/fuzzball}},
year = {2013--2016}
}

@Misc{fireeye-shifu,
key =      {fireeye-shifu},
author = {{FireEye Inc.}},
title =    {{Shifu Malware Analyzed: Behavior, Capabilities and Communications}},
howpublished = {\url{https://www.fireeye.com/blog/threat-research/2015/10/shifu-malware-analyzed-behavior-capabilities-and.html}},
year = {2015}
}

@Misc{ibm-shifu,
key =      {ibm-shifu},
title =    {{Shifu: 'Masterful' New Banking Trojan Is Attacking 14 Japanese Banks}},
howpublished = {\url{https://securityintelligence.com/shifu-masterful-new-banking-trojan-is-attacking-14-japanese-banks/}},
year = {2015}
}

@Misc{paloalto-shifu,
key =      {paloalto-shifu},
author = {{Palo Alto Networks}},
title =    {{2016 Updates to Shifu Banking Trojan}},
howpublished = {\url{http://researchcenter.paloaltonetworks.com/2017/01/unit42-2016-updates-shifu-banking-trojan/}},
year = {2017}
}

@Misc{hd-crc,
author = {Warren, Henry S},
key =      {hd-crc},
title =    {{Collection of programs to compute CRC-32 checksum}},
howpublished = {\url{http://www.hackersdelight.org/hdcodetxt/crc.c.txt}},
year = {2013}
}

@Misc{cve-bn,
key =      {cve-bn},
title =    {{CVE-2016-0797}},
howpublished = {\url{https://access.redhat.com/security/cve/cve-2016-0797}},
year = {2016}
}

@Misc{openssl-bn,
key =      {openssl-bn},
title =    {{bn - multiprecision integer arithmetics}},
howpublished = {\url{https://www.openssl.org/docs/man1.0.1/crypto/bn.html}},
year = {1999--2016}
}

@Misc{mbedtls-bn,
key =      {mbedtls-bn},
title =    {{bignum.h File Reference -- API Documentation -- mbed TLS (previously PolarSSL)}},
howpublished = {\url{https://tls.mbed.org/api/bignum_8h.html}},
year = {2008--2015}
}

@Misc{mbedtls,
key =      {mbedtls},
title =    {{SSL Library mbed TLS / PolarSSL}},
howpublished = {\url{https://tls.mbed.org/}},
year = {2008--2016}
}

@book{hd-book,
  title={Hacker's delight},
  author={Warren, Henry S},
  year={2013},
  publisher={Pearson Education}
}

@article{fla,
  title={Obfuscating {C}++ programs via control flow flattening},
  author={L{\'a}szl{\'o}, T{\i}mea and Kiss, {\'A}kos},
  journal={Annales Universitatis Scientarum Budapestinensis de Rolando E{\"o}tv{\"o}s Nominatae, Sectio Computatorica},
  volume={30},
  pages={3--19},
  year={2009}
}

@INPROCEEDINGS{obfs-llvm,
  author={Pascal Junod and Julien Rinaldini and Johan Wehrli and Julie Michielin},
  booktitle={Proceedings of the {IEEE/ACM} 1st International Workshop on Software Protection, {SPRO'15}, Firenze, Italy, May 19th, 2015},
  editor = {Brecht Wyseur},
  publisher = {IEEE},
  title={Obfuscator-{LLVM} -- Software Protection for the Masses},
  year={2015},
  pages={3--9},
  doi={10.1109/SPRO.2015.10},
}

@inproceedings{superoperators,
 author = {Proebsting, Todd A.},
 title = {Optimizing an ANSI C Interpreter with Superoperators},
 booktitle = {Proceedings of the 22nd ACM SIGPLAN-SIGACT Symposium on Principles of Programming Languages},
 series = {POPL '95},
 year = {1995},
 isbn = {0-89791-692-1},
 location = {San Francisco, California, USA},
 pages = {322--332},
 numpages = {11},
 url = {http://doi.acm.org/10.1145/199448.199526},
 doi = {10.1145/199448.199526},
 acmid = {199526},
 publisher = {ACM},
 address = {New York, NY, USA},
} 


@inproceedings{tigress,
   author = {Christian Collberg and Sam Martin and Jonathan Myers and Jasvir Nagra},
   title = {Distributed Application Tamper Detection via Continuous Software Updates},
   booktitle = {Proceedings of the 28th Annual Computer Security Applications Conference},
   series = {ACSAC '12},
   year = {2012},
   isbn = {978-1-4503-1312-4},
   location = {Orlando, Florida},
   pages = {319--328},
   url = {http://doi.acm.org/10.1145/2420950.2420997},
   doi = {10.1145/2420950.2420997},
   publisher = {ACM},
   address = {New York, NY, USA},
}

@Misc{darpa-stac,
author = {DARPA},
key =      {darpa-stac},
title =    {{Space/Time Analysis for Cybersecurity (STAC)}},
howpublished = {\url{http://www.darpa.mil/program/space-time-analysis-for-cybersecurity}},
year = {2015}
}

@inproceedings{wise,
  title={WISE: Automated test generation for worst-case complexity},
  author={Burnim, Jacob and Juvekar, Sudeep and Sen, Koushik},
  booktitle={Proceedings of the 31st International Conference on Software Engineering},
  pages={463--473},
  year={2009},
  organization={IEEE Computer Society}
}

@Misc{intel-strassen,
key =      {intel-strassen},
title =    {{Implementing Strassen's Algorithm For Matrix-Matrix Multiplication With OpenMP-3.0 Tasks (Intel)}},
howpublished = {\url{https://software.intel.com/en-us/courseware/256200}},
year = {2010}
}

@Misc{nmap,
key =      {nmap},
title =    {{Nmap: the Network Mapper - Free Security Scanner}},
howpublished = {\url{https://nmap.org/}},
year = {1997--2016}
}

@Misc{x64-abi,
author =   {Matz, Michael and Hubicka, Jan and Jaeger, Andreas and Mitchell, Mark},
title =    {System {V} {Application} {Binary} {Interface}},
howpublished = {\url{http://www.x86-64.org/documentation/abi.pdf}},
year = {2013}
}

@Misc{map-cpp,
author =   {cppreference.com},
title =    {std::map - cppreference.com},
howpublished = {\url{http://en.cppreference.com/w/cpp/container/map}},
year = {2017}
}

@Misc{hashtbl-ocaml,
author =   {caml.inria.fr},
title =    {Module Hashtbl},
howpublished = {\url{https://caml.inria.fr/pub/docs/manual-ocaml/libref/Hashtbl.html}},
year = {2017}
}

@Misc{gnu-abs,
author =   {GNU},
title =    {{The GNU C Library : Absolute Value}},
howpublished = {\url{ https://www.gnu.org/software/libc/manual/html_node/Absolute-Value.html }},
year = {2017}
}

@Misc{bitblaze-url,
author =   {Dawn Song},
title =    {BitBlaze: Binary Analysis for Computer Security},
howpublished = {\url{http://bitblaze.cs.berkeley.edu/}},
year = {2017}
}


@InProceedings{bitblaze-vine,
  author = {Dawn Song and David Brumley and Heng Yin and Juan Caballero and
    Ivan Jager and Min Gyung Kang and Zhenkai Liang and James Newsome and
    Pongsin Poosankam and Prateek Saxena},
  title = {{BitBlaze}: A New Approach to Computer Security via Binary Analysis},
  booktitle = {Proceedings of the 4th International Conference on Information Systems Security. Keynote invited paper.},
  address = {Hyderabad, India},
  year = 2008,
  month = dec,
}

@InProceedings{stp,
author="Ganesh, Vijay
and Dill, David L.",
editor="Damm, Werner
and Hermanns, Holger",
title="A Decision Procedure for Bit-Vectors and Arrays",
booktitle="Computer Aided Verification: 19th International Conference, CAV 2007, Berlin, Germany, July 3-7, 2007. Proceedings",
year="2007",
publisher="Springer",
address="Berlin, Heidelberg",
pages="519--531",
isbn="978-3-540-73368-3",
doi="10.1007/978-3-540-73368-3_52",
url="http://dx.doi.org/10.1007/978-3-540-73368-3_52"
}

@inproceedings{mathsat,
  author = {Alessandro Cimatti and Alberto Griggio and Bastiaan Schaafsma and Roberto Sebastiani},
  title = {{The MathSAT5 SMT Solver}},
  editor = {Nir Piterman and Scott Smolka},
  booktitle = {Proceedings of TACAS},
  year = {2013},
  volume = {7795},
  series = {LNCS},
  publisher = {Springer},
}

@inproceedings{z3,
 author = {De Moura, Leonardo and Bj{\o}rner, Nikolaj},
 title = {Z3: An Efficient SMT Solver},
 booktitle = {Proceedings of the Theory and Practice of Software, 14th International Conference on Tools and Algorithms for the Construction and Analysis of Systems},
 series = {TACAS'08/ETAPS'08},
 year = {2008},
 isbn = {3-540-78799-2, 978-3-540-78799-0},
 location = {Budapest, Hungary},
 pages = {337--340},
 numpages = {4},
 url = {http://dl.acm.org/citation.cfm?id=1792734.1792766},
 acmid = {1792766},
 publisher = {Springer-Verlag},
 address = {Berlin, Heidelberg},
} 

@inproceedings{chen1978,
  title={N-version programming: A fault-tolerance approach to reliability of software operation},
  author={Chen, Liming and Avizienis, Algirdas},
  booktitle={Digest of Papers FTCS-8: Eighth Annual International Conference on Fault Tolerant Computing},
  pages={3--9},
  year={1978}
}

@inproceedings{chen1977,
author = {A. Avizienis and L. Chen},
title = {{On the implementation of n-version programming for software fault tolerance during execution}},
booktitle = {International Computer Software and Applications Conference},
year = {1977},
masid = {1288283}
}



@inproceedings{Jiang:2009:AMF:1572272.1572283,
 author = {Jiang, Lingxiao and Su, Zhendong},
 title = {Automatic Mining of Functionally Equivalent Code Fragments via Random Testing},
 booktitle = {Proceedings of the Eighteenth International Symposium on Software Testing and Analysis},
 series = {ISSTA '09},
 year = {2009},
 isbn = {978-1-60558-338-9},
 location = {Chicago, IL, USA},
 pages = {81--92},
 numpages = {12},
 url = {http://doi.acm.org/10.1145/1572272.1572283},
 doi = {10.1145/1572272.1572283},
 acmid = {1572283},
 publisher = {ACM},
 address = {New York, NY, USA},
 keywords = {code clones, functional equivalence, random testing},
} 

@inproceedings{Larsen:2014:SAS:2650286.2650803,
 author = {Larsen, Per and Homescu, Andrei and Brunthaler, Stefan and Franz, Michael},
 title = {SoK: Automated Software Diversity},
 booktitle = {Proceedings of the 2014 IEEE Symposium on Security and Privacy},
 series = {SP '14},
 year = {2014},
 isbn = {978-1-4799-4686-0},
 pages = {276--291},
 numpages = {16},
 url = {http://dx.doi.org/10.1109/SP.2014.25},
 doi = {10.1109/SP.2014.25},
 acmid = {2650803},
 publisher = {IEEE Computer Society},
 address = {Washington, DC, USA},
} 

@inproceedings{Ramos:2011:PLE:2032305.2032360,
 author = {Ramos, David A and Engler, Dawson R.},
 title = {Practical, Low-effort Equivalence Verification of Real Code},
 booktitle = {Proceedings of the 23rd International Conference on Computer Aided Verification},
 series = {CAV'11},
 year = {2011},
 isbn = {978-3-642-22109-5},
 location = {Snowbird, UT},
 pages = {669--685},
 numpages = {17},
 url = {http://dl.acm.org/citation.cfm?id=2032305.2032360},
 acmid = {2032360},
 publisher = {Springer-Verlag},
 address = {Berlin, Heidelberg},
} 

@article{Sidiroglou-Douskos:2015:AEE:2813885.2737988,
 author = {Sidiroglou-Douskos, Stelios and Lahtinen, Eric and Long, Fan and Rinard, Martin},
 title = {Automatic Error Elimination by Horizontal Code Transfer Across Multiple Applications},
 journal = {SIGPLAN Not.},
 issue_date = {June 2015},
 volume = {50},
 number = {6},
 month = jun,
 year = {2015},
 issn = {0362-1340},
 pages = {43--54},
 numpages = {12},
 url = {http://doi.acm.org/10.1145/2813885.2737988},
 doi = {10.1145/2813885.2737988},
 acmid = {2737988},
 publisher = {ACM},
 address = {New York, NY, USA},
 keywords = {automatic code transfer, data structure translation, program repair},
} 

@ARTICLE{Salamat:5714703, 
author={Salamat, B. and Jackson, T. and Wagner, G. and Wimmer, C. and Franz, M.}, 
journal={Dependable and Secure Computing, IEEE Transactions on}, 
title={Runtime Defense against Code Injection Attacks Using Replicated Execution}, 
year={2011}, 
volume={8}, 
number={4}, 
pages={588-601}, 
keywords={computer crime;multi-threading;multiprocessing systems;asynchronous signal;attack detection;code injection attack;computer systems attack;dual variant execution;false alarm;intrusion detection system;monitoring mechanism;multicore processor;multiprocess application;multithreaded application;multivariant execution technique;replicated execution;Kernel;Monitoring;Multicore processing;Security;Synchronization;Writing;Intrusion detection;multivariant execution;n-variant execution;system call.}, 
doi={10.1109/TDSC.2011.18}, 
ISSN={1545-5971}, 
month={July},}

@inproceedings{DeMoura:2008:ZES:1792734.1792766,
 author = {De Moura, Leonardo and Bj{\o}rner, Nikolaj},
 title = {{Z3}: An Efficient {SMT} Solver},
 booktitle = {Proceedings of the Theory and Practice of Software, 14th International Conference on Tools and Algorithms for the Construction and Analysis of Systems},
 series = {TACAS'08/ETAPS'08},
 year = {2008},
 isbn = {3-540-78799-2, 978-3-540-78799-0},
 location = {Budapest, Hungary},
 pages = {337--340},
 numpages = {4},
 url = {http://dl.acm.org/citation.cfm?id=1792734.1792766},
 acmid = {1792766},
 publisher = {Springer-Verlag},
 address = {Berlin, Heidelberg},
} 

@inproceedings{Cimatti:2013:MSS:2450387.2450400,
 author = {Cimatti, Alessandro and Griggio, Alberto and Schaafsma, Bastiaan Joost and Sebastiani, Roberto},
 title = {The MathSAT5 SMT Solver},
 booktitle = {Proceedings of the 19th International Conference on Tools and Algorithms for the Construction and Analysis of Systems},
 series = {TACAS'13},
 year = {2013},
 isbn = {978-3-642-36741-0},
 location = {Rome, Italy},
 pages = {93--107},
 numpages = {15},
 url = {http://dx.doi.org/10.1007/978-3-642-36742-7_7},
 doi = {10.1007/978-3-642-36742-7_7},
 acmid = {2450400},
 publisher = {Springer-Verlag},
 address = {Berlin, Heidelberg},
}

@incollection{Moura:2009:SMT:1693660.1693663,
 author = {Moura, Leonardo and Bj{\o}rner, Nikolaj},
 chapter = {Satisfiability Modulo Theories: An Appetizer},
 title = {Formal Methods: Foundations and Applications},
 editor = {Oliveira, Marcel Vin\'{\i}cius and Woodcock, Jim},
 year = {2009},
 isbn = {978-3-642-10451-0},
 pages = {23--36},
 numpages = {14},
 url = {http://dx.doi.org/10.1007/978-3-642-10452-7_3},
 doi = {10.1007/978-3-642-10452-7_3},
 acmid = {1693663},
 publisher = {Springer-Verlag},
 address = {Berlin, Heidelberg},
} 

@inproceedings{Ganesh:2007:DPB:1770351.1770421,
 author = {Ganesh, Vijay and Dill, David L.},
 title = {A Decision Procedure for Bit-vectors and Arrays},
 booktitle = {Proceedings of the 19th International Conference on Computer Aided Verification},
 series = {CAV'07},
 year = {2007},
 isbn = {978-3-540-73367-6},
 location = {Berlin, Germany},
 pages = {519--531},
 numpages = {13},
 url = {http://dl.acm.org/citation.cfm?id=1770351.1770421},
 acmid = {1770421},
 publisher = {Springer-Verlag},
 address = {Berlin, Heidelberg},
} 

@article{Martignoni:2012:PLH:2248487.2151012,
 author = {Martignoni, Lorenzo and McCamant, Stephen and Poosankam, Pongsin and Song, Dawn and Maniatis, Petros},
 title = {Path-exploration Lifting: Hi-fi Tests for Lo-fi Emulato},
 journal = {ASPLOS},
 issue_date = {April 2012},
 volume = {47},
 number = {4},
 month = mar,
 year = {2012},
 issn = {0362-1340},
 pages = {337--348},
 numpages = {12},
 url = {http://doi.acm.org/10.1145/2248487.2151012},
 doi = {10.1145/2248487.2151012},
 acmid = {2151012},
 publisher = {ACM},
 address = {New York, NY, USA},
 keywords = {CPU emulators, cross validation, symbolic binary execution},
} 

@book{Warren:2002:HD:515297,
 author = {Warren, Henry S.},
 title = {Hacker's Delight},
 year = {2002},
 isbn = {0201914654},
 publisher = {Addison-Wesley Longman Publishing Co., Inc.},
 address = {Boston, MA, USA},
} 

@inproceedings{jha-synt14,
  author    = {Susmit Jha and Sanjit A. Seshia},
  title     = {Are There Good Mistakes? A Theoretical Analysis of CEGIS},
 booktitle = {3rd Workshop on Synthesis (SYNT)},
 month = "July",
 year = {2014},
 pages = {84--99},
}

@inproceedings{Berger:2006:DPM:1133981.1134000,
 author = {Berger, Emery D. and Zorn, Benjamin G.},
 title = {DieHard: Probabilistic Memory Safety for Unsafe Languages},
 booktitle = {Proceedings of the 27th ACM SIGPLAN Conference on Programming Language Design and Implementation},
 series = {PLDI '06},
 year = {2006},
 isbn = {1-59593-320-4},
 location = {Ottawa, Ontario, Canada},
 pages = {158--168},
 numpages = {11},
 url = {http://doi.acm.org/10.1145/1133981.1134000},
 doi = {10.1145/1133981.1134000},
 acmid = {1134000},
 publisher = {ACM},
 address = {New York, NY, USA},
 keywords = {DieHard, dynamic memory allocation, probabilistic memory safety, randomization, replication},
} 

@inproceedings{Durumeric:2014:MH:2663716.2663755,
 author = {Durumeric, Zakir and Kasten, James and Adrian, David and Halderman, J. Alex and Bailey, Michael and Li, Frank and Weaver, Nicolas and Amann, Johanna and Beekman, Jethro and Payer, Mathias and Paxson, Vern},
 title = {The Matter of {Heartbleed}},
 booktitle = {Proceedings of the 2014 Conference on Internet Measurement Conference},
 series = {IMC '14},
 year = {2014},
 isbn = {978-1-4503-3213-2},
 location = {Vancouver, BC, Canada},
 pages = {475--488},
 numpages = {14},
 url = {http://doi.acm.org/10.1145/2663716.2663755},
 doi = {10.1145/2663716.2663755},
 acmid = {2663755},
 publisher = {ACM},
 address = {New York, NY, USA},
 keywords = {heartbleed, internet-wide scanning, openssl, security},
} 

@article{Knight:1986:EEA:10677.10688,
 author = {Knight, J. C. and Leveson, N. G.},
 title = {An Experimental Evaluation of the Assumption of Independence in Multiversion Programming},
 journal = {IEEE Trans. Softw. Eng.},
 issue_date = {January 1986},
 volume = {12},
 number = {1},
 month = jan,
 year = {1986},
 issn = {0098-5589},
 pages = {96--109},
 numpages = {14},
 url = {http://dx.doi.org/10.1109/TSE.1986.6312924},
 doi = {10.1109/TSE.1986.6312924},
 acmid = {10688},
 publisher = {IEEE Press},
 address = {Piscataway, NJ, USA},
 keywords = {Programming,Software,Educational institutions,Software reliability,NASA,software reliability,Design diversity,fault-tolerant software,multiversion programming,N-version programming},
} 

@article{Baudry:2015:MFS:2808687.2807593,
 author = {Baudry, Benoit and Monperrus, Martin},
 title = {The Multiple Facets of Software Diversity: Recent Developments in Year 2000 and Beyond},
 journal = {ACM Comput. Surv.},
 issue_date = {September 2015},
 volume = {48},
 number = {1},
 month = sep,
 year = {2015},
 issn = {0360-0300},
 pages = {16:1--16:26},
 articleno = {16},
 numpages = {26},
 url = {http://doi.acm.org/10.1145/2807593},
 doi = {10.1145/2807593},
 acmid = {2807593},
 publisher = {ACM},
 address = {New York, NY, USA},
 keywords = {Software diversity, design principles, program transformation},
} 

@inproceedings{Avizienis:1288283,
author = {A. Avizienis and L. Chen},
title = {{On the implementation of n-version programming for software fault tolerance during execution}},
booktitle = {International Computer Software and Applications Conference},
year = {1977},
masid = {1288283}
}

@inproceedings{Cox:2006:NSS:1267336.1267344,
 author = {Cox, Benjamin and Evans, David and Filipi, Adrian and Rowanhill, Jonathan and Hu, Wei and Davidson, Jack and Knight, John and Nguyen-Tuong, Anh and Hiser, Jason},
 title = {N-variant Systems: A Secretless Framework for Security Through Diversity},
 booktitle = {Proceedings of the 15th Conference on USENIX Security Symposium - Volume 15},
 series = {USENIX-SS'06},
 year = {2006},
 location = {Vancouver, B.C., Canada},
 articleno = {9},
 url = {http://dl.acm.org/citation.cfm?id=1267336.1267344},
 acmid = {1267344},
 publisher = {USENIX Association},
 address = {Berkeley, CA, USA},
} 

@article{Kamiya:2002:CMT:636188.636191,
 author = {Kamiya, Toshihiro and Kusumoto, Shinji and Inoue, Katsuro},
 title = {{CCFinder: A Multilinguistic Token-based Code Clone Detection
	 System for Large Scale Source Code}},
 journal = {IEEE Trans. Softw. Eng.},
 issue_date = {July 2002},
 volume = {28},
 number = {7},
 month = jul,
 year = {2002},
 issn = {0098-5589},
 pages = {654--670},
 numpages = {17},
 url = {http://dx.doi.org/10.1109/TSE.2002.1019480},
 doi = {10.1109/TSE.2002.1019480},
 acmid = {636191},
 publisher = {IEEE Press},
 address = {Piscataway, NJ, USA},
 keywords = {CASE tool, code clone, duplicated code, maintenance, metrics},
} 

@inproceedings{Li:2004:CTF:1251254.1251274,
 author = {Li, Zhenmin and Lu, Shan and Myagmar, Suvda and Zhou, Yuanyuan},
 title = {{CP-Miner: A Tool for Finding Copy-paste and Related Bugs in
	 Operating System Code}},
 booktitle = {Proceedings of the 6th Conference on Symposium on Opearting Systems Design \& Implementation - Volume 6},
 series = {OSDI'04},
 year = {2004},
 location = {San Francisco, CA},
 pages = {20--20},
 numpages = {1},
 url = {http://dl.acm.org/citation.cfm?id=1251254.1251274},
 acmid = {1251274},
 publisher = {USENIX Association},
 address = {Berkeley, CA, USA},
} 

@inproceedings{Jiang:2007:DSA:1248820.1248843,
 author = {Jiang, Lingxiao and Misherghi, Ghassan and Su, Zhendong and Glondu, Stephane},
 title = {DECKARD: Scalable and Accurate Tree-Based Detection of Code Clones},
 booktitle = {Proceedings of the 29th International Conference on Software Engineering},
 series = {ICSE '07},
 year = {2007},
 isbn = {0-7695-2828-7},
 pages = {96--105},
 numpages = {10},
 url = {http://dx.doi.org/10.1109/ICSE.2007.30},
 doi = {10.1109/ICSE.2007.30},
 acmid = {1248843},
 publisher = {IEEE Computer Society},
 address = {Washington, DC, USA},
} 

@inproceedings{Gao:2005:BDI:2146257.2146263,
 author = {Gao, Debin and Reiter, Michael K. and Song, Dawn},
 title = {Behavioral Distance for Intrusion Detection},
 booktitle = {Proceedings of the 8th International Conference on Recent Advances in Intrusion Detection},
 series = {RAID'05},
 year = {2006},
 isbn = {3-540-31778-3, 978-3-540-31778-4},
 location = {Seattle, WA},
 pages = {63--81},
 numpages = {19},
 url = {http://dx.doi.org/10.1007/11663812_4},
 doi = {10.1007/11663812_4},
 acmid = {2146263},
 publisher = {Springer-Verlag},
 address = {Berlin, Heidelberg},
 keywords = {behavioral distance, intrusion detection, system call},
} 

@TECHREPORT{Chew02mitigatingbuffer,
    author = {Monica Chew and Dawn Song},
    title = {Mitigating buffer overflows by operating system randomization},
    institution = {},
    year = {2002}
}

@article{Hatton:1997:NDV:624622.625783,
 author = {Hatton, Les},
 title = {N-Version Design Versus One Good Version},
 journal = {IEEE Softw.},
 issue_date = {November 1997},
 volume = {14},
 number = {6},
 month = nov,
 year = {1997},
 issn = {0740-7459},
 pages = {71--76},
 numpages = {6},
 url = {http://dx.doi.org/10.1109/52.636672},
 doi = {10.1109/52.636672},
 acmid = {625783},
 publisher = {IEEE Computer Society Press},
 address = {Los Alamitos, CA, USA},
 keywords = {diversity, n-version, formal methods, defect density, reliability},
} 

@online{glibc,
  title = {{The GNU C Library (glibc)}},
  author = GNU,
  year = 2016,
  url = {https://www.gnu.org/software/libc/},
  urldate = {2016-04-09}
}

@article{Eckhardt:1985:TBA:1314034.1314066,
 author = {Eckhardt, D. E. and Lee, L. D.},
 title = {A Theoretical Basis for the Analysis of Multiversion Software Subject to Coincident Errors},
 journal = {IEEE Trans. Softw. Eng.},
 issue_date = {December 1985},
 volume = {11},
 number = {12},
 month = dec,
 year = {1985},
 issn = {0098-5589},
 pages = {1511--1517},
 numpages = {7},
 url = {http://dx.doi.org/10.1109/TSE.1985.231895},
 doi = {10.1109/TSE.1985.231895},
 acmid = {1314066},
 publisher = {IEEE Press},
 address = {Piscataway, NJ, USA},
 keywords = {Coincident errors, N-version programming, fault-tolerant software, intensity distribution, intensity of coincident errors, multiversion software, reliability of redundant software, reliability of redundant software, Coincident errors, fault-tolerant software, intensity distribution, intensity of coincident errors, multiversion software, N-version programming},
} 

@INPROCEEDINGS{Gashi:1311908, 
author={I. Gashi and P. Popov and L. Strigini}, 
booktitle={Dependable Systems and Networks, 2004 International Conference on}, 
title={Fault diversity among off-the-shelf SQL database servers}, 
year={2004}, 
pages={389-398}, 
keywords={SQL;program debugging;software fault tolerance;system recovery;SQL;database servers;fault diversity;fault-tolerant server;off-the-shelf software;software fault tolerance;Computer bugs;Concurrency control;Costs;Fault detection;Fault tolerance;Fault tolerant systems;Network servers;Redundancy;Software reliability;Spatial databases}, 
doi={10.1109/DSN.2004.1311908}, 
month={June},}

@inproceedings{Han:2009:ESD:1575533.1575544,
 author = {Han, Jin and Gao, Debin and Deng, Robert H.},
 title = {On the Effectiveness of Software Diversity: A Systematic Study on Real-World Vulnerabilities},
 booktitle = {Proceedings of the 6th International Conference on Detection of Intrusions and Malware, and Vulnerability Assessment},
 series = {DIMVA '09},
 year = {2009},
 isbn = {978-3-642-02917-2},
 location = {Como, Italy},
 pages = {127--146},
 numpages = {20},
 url = {http://dx.doi.org/10.1007/978-3-642-02918-9_8},
 doi = {10.1007/978-3-642-02918-9_8},
 acmid = {1575544},
 publisher = {Springer-Verlag},
 address = {Berlin, Heidelberg},
} 

@inproceedings{Massalin:1987:SLS:36206.36194,
 author = {Massalin, Henry},
 title = {Superoptimizer: A Look at the Smallest Program},
 booktitle = {Proceedings of the Second International Conference on Architectual Support for Programming Languages and Operating Systems},
 series = {ASPLOS II},
 year = {1987},
 isbn = {0-8186-0805-6},
 location = {Palo Alto, California, USA},
 pages = {122--126},
 numpages = {5},
 url = {http://dx.doi.org/10.1145/36206.36194},
 doi = {10.1145/36206.36194},
 acmid = {36194},
 publisher = {IEEE Computer Society Press},
 address = {Los Alamitos, CA, USA},
} 

@inproceedings{Joshi:2002:DGS:512529.512566,
 author = {Joshi, Rajeev and Nelson, Greg and Randall, Keith},
 title = {Denali: A Goal-directed Superoptimizer},
 booktitle = {Proceedings of the ACM SIGPLAN 2002 Conference on Programming Language Design and Implementation},
 series = {PLDI '02},
 year = {2002},
 isbn = {1-58113-463-0},
 location = {Berlin, Germany},
 pages = {304--314},
 numpages = {11},
 url = {http://doi.acm.org/10.1145/512529.512566},
 doi = {10.1145/512529.512566},
 acmid = {512566},
 publisher = {ACM},
 address = {New York, NY, USA},
 keywords = {optimizing compiler, superoptimizer},
} 

@article{Manna:1980:DAP:357084.357090,
 author = {Manna, Zohar and Waldinger, Richard},
 title = {A Deductive Approach to Program Synthesis},
 journal = {ACM Trans. Program. Lang. Syst.},
 issue_date = {Jan. 1980},
 volume = {2},
 number = {1},
 month = jan,
 year = {1980},
 issn = {0164-0925},
 pages = {90--121},
 numpages = {32},
 url = {http://doi.acm.org/10.1145/357084.357090},
 doi = {10.1145/357084.357090},
 acmid = {357090},
 publisher = {ACM},
 address = {New York, NY, USA},
} 

@inproceedings{Jha:2010:OCP:1806799.1806833,
 author = {Jha, Susmit and Gulwani, Sumit and Seshia, Sanjit A. and Tiwari, Ashish},
 title = {Oracle-guided Component-based Program Synthesis},
 booktitle = {Proceedings of the 32nd ACM/IEEE International Conference on Software Engineering},
 series = {ICSE '10},
 year = {2010},
 isbn = {978-1-60558-719-6},
 location = {Cape Town, South Africa},
 pages = {215--224},
 numpages = {10},
 url = {http://doi.acm.org/10.1145/1806799.1806833},
 doi = {10.1145/1806799.1806833},
 acmid = {1806833},
 publisher = {ACM},
 address = {New York, NY, USA},
 keywords = {SAT, SMT, oracle-based learning, program synthesis},
} 

@Inproceedings{Jacob2008,
author="Jacob, Matthias
and Jakubowski, Mariusz H.
and Naldurg, Prasad
and Saw, Chit Wei (Nick)
and Venkatesan, Ramarathnam",
editor="Matsuura, Kanta
and Fujisaki, Eiichiro",
title="The Superdiversifier: Peephole Individualization for Software Protection",
booktitle="Advances in Information and Computer Security: Third International Workshop on Security, IWSEC 2008, Kagawa, Japan, November 25-27, 2008. Proceedings",
year="2008",
publisher="Springer",
address="Berlin, Heidelberg",
pages="100--120",
isbn="978-3-540-89598-5",
doi="10.1007/978-3-540-89598-5_7",
url="http://dx.doi.org/10.1007/978-3-540-89598-5_7"
}

@InProceedings{SouthernBBDHHJS2016_1,
  author = 	 {Mary Southern and Mark Boddy and Hayley Borck and Ian De Silva and Steven Harp and Ken Hoyme and Steven Johnston and August Schwerdfeger},
  title = 	 {Generation of Software Variants Using Code Clones},
  booktitle = 	 {23rd IEEE International Conference on Software Analysis, Evolution, and Reengineering (SANER)},
  year =	 2016,
  month =	 mar,
  location =     {Osaka, Japan},
  note =	 {Poster presentation}
}

@Inproceedings {BorckBDHHJSS2016,
	title = {Frankencode: Creating Diverse Programs Using Code Clones},
	booktitle = {2016 IEEE 23nd International Conference on Software Analysis, Evolution and Reengineering (SANER)},
	year = {2016},
	pages = {604-608},
	publisher = {IEEE},
	author = {Hayley Borck and Mark Boddy and Ian J De Silva and Steven Harp and Ken Hoyme and Steven Johnston and August Schwerdfeger and Mary Southern}
}

@INPROCEEDINGS{program_fracture, 
author={P. Amidon and E. Davis and S. Sidiroglou-Douskos and M. Rinard}, 
booktitle={High Performance Extreme Computing Conference (HPEC), 2015 IEEE}, 
title={Program fracture and recombination for efficient automatic code reuse}, 
year={2015}, 
pages={1-6}, 
keywords={parallel programming;program testing;source code (software);analyzability improvement;automatic application generation;automatic code combination;automatic code deletion;automatic code replacement;automatic code reuse;automatic error elimination;automatic obsolete functionality elimination;automatic undesirable functionality elimination;clarity improvement;code transfer technique;energy efficiency improvement;hardware platform;high-performance computing;performance improvement;program development;program fracture;program recombination;program testing;security vulnerabilities;simplicity improvement;software rejuvenation;standard linear algebra operations;Hardware;Libraries;Linear algebra;Security;Semantics;Software;Standards}, 
doi={10.1109/HPEC.2015.7396314}, 
month={Sept},
}

@inproceedings{statistical_similarity,
 author = {David, Yaniv and Partush, Nimrod and Yahav, Eran},
 title = {Statistical Similarity of Binaries},
 booktitle = {Proceedings of the 37th ACM SIGPLAN Conference on Programming Language Design and Implementation},
 series = {PLDI '16},
 year = {2016},
 isbn = {978-1-4503-4261-2},
 location = {Santa Barbara, CA, USA},
 pages = {266--280},
 numpages = {15},
 url = {http://doi.acm.org/10.1145/2908080.2908126},
 doi = {10.1145/2908080.2908126},
 acmid = {2908126},
 publisher = {ACM},
 address = {New York, NY, USA},
 keywords = {partial equivalence, static binary analysis, statistical similarity, verification-aided similarity},
} 

@Inbook{cegar,
author="Clarke, Edmund
and Grumberg, Orna
and Jha, Somesh
and Lu, Yuan
and Veith, Helmut",
editor="Emerson, E. Allen
and Sistla, Aravinda Prasad",
title="Counterexample-Guided Abstraction Refinement ",
bookTitle="Computer Aided Verification: 12th International Conference, CAV 2000, Chicago, IL, USA, July 15-19, 2000. Proceedings",
year="2000",
publisher="Springer Berlin Heidelberg",
address="Berlin, Heidelberg",
pages="154--169",
isbn="978-3-540-45047-4",
doi="10.1007/10722167_15",
url="http://dx.doi.org/10.1007/10722167_15"
}


@article{ernst2007daikon,
  title={{The Daikon system for dynamic detection of likely invariants}},
  author={Ernst, Michael D and Perkins, Jeff H and Guo, Philip J and McCamant, Stephen and Pacheco, Carlos and Tschantz, Matthew S and Xiao, Chen},
  journal={Science of Computer Programming},
  volume={69},
  number={1},
  pages={35--45},
  year={2007},
  publisher={Elsevier}
}

@article{gall,
  author    = {Fran{\c{c}}ois Le Gall},
  title     = {Powers of Tensors and Fast Matrix Multiplication},
  journal   = {CoRR},
  volume    = {abs/1401.7714},
  year      = {2014},
  url       = {http://arxiv.org/abs/1401.7714},
  timestamp = {Sun, 02 Feb 2014 18:37:28 +0100},
  biburl    = {http://dblp.uni-trier.de/rec/bib/journals/corr/Gall14},
  bibsource = {dblp computer science bibliography, http://dblp.org}
}

@article{coppersmith-winograd,
title = "Matrix multiplication via arithmetic progressions",
journal = "Journal of Symbolic Computation",
volume = "9",
number = "3",
pages = "251 - 280",
year = "1990",
note = "",
issn = "0747-7171",
doi = "http://dx.doi.org/10.1016/S0747-7171(08)80013-2",
url = "http://www.sciencedirect.com/science/article/pii/S0747717108800132",
author = "Don Coppersmith and Shmuel Winograd",
}

@article{strassen,
  title={Gaussian elimination is not optimal},
  author={Strassen, Volker},
  journal={Numerische Mathematik},
  volume={13},
  number={4},
  pages={354--356},
  year={1969},
  publisher={Springer}
}

@inproceedings{gascon,
 author = {Gasc\'{o}n, Adri\`{a} and Subramanyan, Pramod and Dutertre, Bruno and Tiwari, Ashish and Jovanovi\'{c}, Dejan and Malik, Sharad},
 title = {Template-based Circuit Understanding},
 booktitle = {Proceedings of the 14th Conference on Formal Methods in Computer-Aided Design},
 series = {FMCAD '14},
 year = {2014},
 isbn = {978-0-9835678-4-4},
 location = {Lausanne, Switzerland},
 pages = {17:83--17:90},
 articleno = {17},
 numpages = {8},
 url = {http://dl.acm.org/citation.cfm?id=2682923.2682943},
 acmid = {2682943},
 publisher = {FMCAD Inc},
 address = {Austin, TX},
}

@Inproceedings{yices,
author="Dutertre, Bruno",
title="Yices 2.2",
bookTitle="Computer Aided Verification: 26th International Conference, CAV 2014, Held as Part of the Vienna Summer of Logic, VSL 2014, Vienna, Austria, July 18-22, 2014. Proceedings",
year="2014",
publisher="Springer International Publishing",
address="Cham",
pages="737--744",
isbn="978-3-319-08867-9",
doi="10.1007/978-3-319-08867-9_49",
url="http://dx.doi.org/10.1007/978-3-319-08867-9_49"
}

@inproceedings{rittri,
 author = {Rittri, Mikael},
 title = {Using Types As Search Keys in Function Libraries},
 booktitle = {Proceedings of the Fourth International Conference on Functional Programming Languages and Computer Architecture},
 series = {FPCA '89},
 year = {1989},
 isbn = {0-89791-328-0},
 location = {Imperial College, London, United Kingdom},
 pages = {174--183},
 numpages = {10},
 url = {http://doi.acm.org/10.1145/99370.99384},
 doi = {10.1145/99370.99384},
 acmid = {99384},
 publisher = {ACM},
 address = {New York, NY, USA},
}

@inproceedings{runciman1989,
  title={Retrieving re-usable software components by polymorphic type},
  author={Runciman, Colin and Toyn, Ian},
  booktitle={Proceedings of the fourth international conference on Functional programming languages and computer architecture},
  pages={166--173},
  year={1989},
  organization={ACM}
}

@article{runciman1991, 
place={Cambridge, UK}, 
title={Retrieving reusable software components by polymorphic type}, 
volume={1}, 
url={https://www.cambridge.org/core/article/div-class-title-retrieving-reusable-software-components-by-polymorphic-type-div/A7B301B2E32F01136F9EC29DD70B0881}, 
DOI={10.1017/S0956796800020049}, 
number={2}, 
journal={Journal of Functional Programming}, 
publisher={Cambridge University Press}, author={Runciman, Colin and Toyn, Ian}, 
year={1991}, 
month={Apr}, 
pages={191--211}
}

@article{duggan,
 author = {Duggan, Dominic},
 title = {Type-based Hot Swapping of Running Modules},
 journal = {Acta Inf.},
 issue_date = {March 2005},
 volume = {41},
 number = {4},
 month = mar,
 year = {2005},
 issn = {0001-5903},
 pages = {181--220},
 numpages = {40},
 url = {http://dx.doi.org/10.1007/s00236-004-0151-1},
 doi = {10.1007/s00236-004-0151-1},
 acmid = {1048697},
 publisher = {Springer-Verlag New York, Inc.},
 address = {Secaucus, NJ, USA},
} 

@article{nimble,
  title={Module reuse by interface adaptation},
  author={Purtilo, James M and Atlee, Joanne M},
  journal={Software: Practice and Experience},
  volume={21},
  number={6},
  pages={539--556},
  year={1991},
  publisher={Wiley Online Library}
}

@article{spartacus,
  title={SPARTACAS: automating component reuse and adaptation},
  author={Morel, Brandon and Alexander, Perry},
  journal={IEEE Transactions on Software Engineering},
  volume={30},
  number={9},
  pages={587--600},
  year={2004},
  publisher={IEEE}
}

@inproceedings{penix,
  title={Toward automated component adaptation},
  author={Penix, John and Alexander, Perry},
  booktitle={Proceedings of the Ninth International Conference on Software Engineering and Knowledge Engineering},
  pages={535--542},
  year={1997}
}

@inproceedings{penix1995,
  title={Classification and retrieval of reusable components using semantic features},
  author={Penix, John and Baraona, Phillip and Alexander, Perry},
  booktitle={Knowledge-Based Software Engineering Conference, 1995. Proceedings., 10th},
  pages={131--138},
  year={1995},
  organization={IEEE}
}

@article{yellin,
  title={Protocol specifications and component adaptors},
  author={Yellin, Daniel M and Strom, Robert E},
  journal={ACM Transactions on Programming Languages and Systems (TOPLAS)},
  volume={19},
  number={2},
  pages={292--333},
  year={1997},
  publisher={ACM}
}

@article{bracciali,
  title={A formal approach to component adaptation},
  author={Bracciali, Andrea and Brogi, Antonio and Canal, Carlos},
  journal={Journal of Systems and Software},
  volume={74},
  number={1},
  pages={45--54},
  year={2005},
  publisher={Elsevier}
}

@inproceedings{keller,
  title={Binary component adaptation},
  author={Keller, Ralph and H{\"o}lzle, Urs},
  booktitle={European Conference on Object-Oriented Programming},
  pages={307--329},
  year={1998},
  organization={Springer}
}

@inproceedings{podgurski,
  title={Behavior sampling: a technique for automated retrieval of reusable components},
  author={Podgurski, Andy and Pierce, Lynn},
  booktitle={Proceedings of the 14th international conference on Software engineering},
  pages={349--361},
  year={1992},
  organization={ACM}
}

@article{zaremski,
  title={Signature matching: a tool for using software libraries},
  author={Zaremski, Amy Moormann and Wing, Jeannette M},
  journal={ACM Transactions on Software Engineering and Methodology (TOSEM)},
  volume={4},
  number={2},
  pages={146--170},
  year={1995},
  publisher={ACM}
}

@Inproceedings{nita,
author="Nita, Marius
and Grossman, Dan",
editor="Hendren, Laurie",
title={{Automatic Transformation of Bit-Level C Code to Support Multiple
	Equivalent Data Layouts}},
bookTitle="Compiler Construction: 17th International Conference, CC 2008, Held as Part of the Joint European Conferences on Theory and Practice of Software, ETAPS 2008, Budapest, Hungary, March 29 - April 6, 2008. Proceedings",
year="2008",
publisher="Springer Berlin Heidelberg",
address="Berlin, Heidelberg",
pages="85--99",
isbn="978-3-540-78791-4",
doi="10.1007/978-3-540-78791-4_6",
url="http://dx.doi.org/10.1007/978-3-540-78791-4_6"
}

@inproceedings{carzaniga,
  title={Automatic recovery from runtime failures},
  author={Carzaniga, Antonio and Gorla, Alessandra and Mattavelli, Andrea and Perino, Nicolo and Pezze, Mauro},
  booktitle={Proceedings of the 2013 International Conference on Software Engineering},
  pages={782--791},
  year={2013},
  organization={IEEE Press}
}

@inproceedings{pin,
	 author = {Luk, Chi-Keung and Cohn, Robert and Muth, Robert and Patil,
		 Harish and Klauser, Artur and Lowney, Geoff and Wallace, Steven and
			 Reddi, Vijay Janapa and Hazelwood, Kim},
	  title = {{Pin: Building Customized Program Analysis Tools with
			Dynamic Instrumentation}},
		 booktitle = {Proceedings of the 2005 ACM SIGPLAN Conference on
			 Programming Language Design and Implementation},
		  series = {PLDI '05},
			 year = {2005},
			  isbn = {1-59593-056-6},
				 location = {Chicago, IL, USA},
				  pages = {190--200},
					 numpages = {11},
					  url = {http://doi.acm.org/10.1145/1065010.1065034},
						 doi = {10.1145/1065010.1065034},
						  acmid = {1065034},
							 publisher = {ACM},
							  address = {New York, NY, USA},
								 keywords = {dynamic compilation, instrumentation,
									 program analysis tools},
} 

@book{algorithms,
  title={The design and analysis of computer algorithms},
  author={Aho, Alfred V and Hopcroft, John E},
  year={1974},
  publisher={Pearson Education India}
}

@article{cfg,
  title={General context-free recognition in less than cubic time},
  author={Valiant, Leslie G},
  journal={Journal of computer and system sciences},
  volume={10},
  number={2},
  pages={308--315},
  year={1975},
  publisher={Elsevier}
}

@inproceedings{goffi,
  title={Search-based synthesis of equivalent method sequences},
  author={Goffi, Alberto and Gorla, Alessandra and Mattavelli, Andrea and Pezz{\`e}, Mauro and Tonella, Paolo},
  booktitle={Proceedings of the 22nd ACM SIGSOFT International Symposium on Foundations of Software Engineering},
  pages={366--376},
  year={2014},
  organization={ACM}
}

@inproceedings{AvgerinosRCB2014,
  author    = {Thanassis Avgerinos and Alexandre Rebert and
               Sang Kil Cha and David Brumley},
  title     = {Enhancing symbolic execution with veritesting},
  booktitle = {36th International Conference on Software Engineering (ICSE)},
  pages     = {1083--1094},
  year      = {2014},
  month     = jun,
  url       = {http://doi.acm.org/10.1145/2568225.2568293},
}

@inproceedings{KuznetsovKBC2012,
  author    = {Volodymyr Kuznetsov and Johannes Kinder and
               Stefan Bucur and George Candea},
  title     = {Efficient state merging in symbolic execution},
  booktitle = {{ACM} {SIGPLAN} Conference on Programming Language Design and Implementation (PLDI)},
  pages     = {193--204},
  year      = {2012},
  month     = jun,
  url       = {http://doi.acm.org/10.1145/2254064.2254088},
}

@inproceedings{SrivastavaG2009,
  author    = {Saurabh Srivastava and Sumit Gulwani},
  title     = {Program verification using templates over predicate abstraction},
  booktitle = {Proceedings of the 2009 {ACM} {SIGPLAN} Conference on Programming
               Language Design and Implementation (PLDI)},
  pages     = {223--234},
  year      = {2009},
  month     = jun,
  url       = {http://doi.acm.org/10.1145/1542476.1542501},
}

@inproceedings{eqminer,
  title={Automatic mining of functionally equivalent code fragments via
random testing},
  author={Jiang, Lingxiao and Su, Zhendong},
  booktitle={Proceedings of the 18th International Symposium on
Software Testing and Analysis},
  pages={81--92},
  year={2009},
  organization={ACM}
}

@Misc{vlc,
key =      {vlc},
title =    {{VLC - Official Site - VideoLAN}},
howpublished = {\url{https://www.videolan.org/vlc/index.html}},
year = {2017}
}

@Misc{rockbox,
key =      {rockbox},
title =    {{Rockbox - Free Music Player Firmware}},
howpublished = {\url{ https://www.rockbox.org/}},
year = {2017}
}

@Misc{amazon-ec2-pricing,
key =      {amazon-ec2-pricing},
title =    {{EC2 Instance Pricing -- Amazon Web Services}},
howpublished = {\url{ https://aws.amazon.com/ec2/pricing/on-demand/}},
year = {2018}
}

@inproceedings{katz2018rnn,
	  author={Deborah Katz and Jason Ruchti and Eric Schulte},
		  title={Using Recurrent Neural Networks for Decompilation},
			  booktitle={Software Analysis, Evolution and Reengineering
					(SANER), 2018},
				  year={2018},
					  organization={IEEE}
}

@inproceedings{godefroid2011,
 author = {Godefroid, Patrice and Luchaup, Daniel},
  title = {Automatic Partial Loop Summarization in Dynamic Test Generation},
   booktitle = {Proceedings of the 2011 International Symposium on Software Testing and Analysis},
    series = {ISSTA '11},
     year = {2011},
      isbn = {978-1-4503-0562-4},
       location = {Toronto, Ontario, Canada},
        pages = {23--33},
	 numpages = {11},
	  url = {http://doi.acm.org/10.1145/2001420.2001424},
	   doi = {10.1145/2001420.2001424},
	    acmid = {2001424},
	     publisher = {ACM},
	      address = {New York, NY, USA},
	       keywords = {loop invariant generation, program summarization, program testing and verification},
	       }

@misc{appendix,
  title = {{Finding Substitutable Binary Code By Synthesizing Adapters -- Appendix}},
  author={Vaibhav Sharma and Kesha Hietala and Stephen McCamant},
  year={2018},
  howpublished = {\url{https://vaibhavbsharma.github.io/TSE-Appendix.pdf}},
}

@article{kesha-thesis,
title={Detecting Behaviorally Equivalent Functions via Symbolic Execution},
author={Hietala, Kesha},
year={2016}
}